
@article{leick1991,
  title = {{{GPS SATELLITE SURVEYING}}},
  author = {Leick, Alfred},
  year = {1991},
  pages = {8},
  file = {C\:\\Users\\Zz\\Zotero\\storage\\WNMB9KQS\\Leick - GPS SATELLITE SURVEYING.pdf},
  language = {en}
}


